@incollection{
	Mink04,
	author = {Gerd Mink},
	title = {Problems of a Highly Contaminated Tradition: The New Testament. Stemmata of Variants as a Source of a Genealogy for Witnesses},
	shorttitle = {Problems of a Highly Contaminated Tradition},
	booktitle = {Studies in Stemmatology II},
	editor = {Pieter van Reenen and August den Hollander and Margot van Mulken},
	publisher = {John Benjamins Publishing},
	location = {Amsterdam},
	year = {2004},
	pages = {13--85}
}
@article{
    Gurry16,
    author = {Peter J. Gurry},
    title = {How Your Greek NT Is Changing: A Simple Introduction to the Coherence-Based Genealogical Method (CBGM)},
    shorttitle = {How Your Greek NT Is Changing},
    journal = {Journal of the Evangelical Theological Society},
    shortjournal = {JETS},
    volume = {59},
    number = {4},
    year = {2016},
    pages = {675--689}
}
@book{
	WG17,
	author = {Tommy Wasserman and Peter J. Gurry},
	title = {A New Approach to Textual Criticism: An Introduction to the Coherence-Based Genealogical Method},
	shorttitle = {A New Approach to Textual Criticism},
	series = {Resources for Biblical Study},
	shortseries = {RBS},
	number = {80},
	publisher = {SBL Press},
	location = {Atlanta, GA},
	year = {2017}
}
@book{
    Gurry17,
    author = {Peter J. Gurry},
    title = {A Critical Examination of the Coherence-Based Genealogical Method in New Testament Textual Criticism},
    shorttitle = {Critical Examination},
    series = {New Testament Tools, Studies and Documents},
    shortseries = {NTTSD},
    number = {55},
    publisher = {Brill},
    location = {Leiden},
    year = {2017}
}
@phdthesis{
    Ellis18,
    author = {Dean G. Ellis},
    title = {Applying the Coherence-Based Genealogical Method (CBGM) to the Text of the Old Testament: An Evaluation},
    shorttitle = {Applying the Coherence-Based Genealogical Method (CBGM) to the Text of the Old Testament},
    institution = {Wisconsin Lutheran Seminary},
    year = {2018}
}
@article{
    McCollum20,
    author = {Joey McCollum},
    title = {Luke 9,35 and the Power of Polygenesis},
    journal = {Filolog√≠a Neotestamentaria},
    shortjournal = {FilNeot},
    volume = {33},
    year = {2020, forthcoming}
}
@article{
    Wachtel15,
    author = {Klaus Wachtel},
    title = {The Coherence Method and History},
    shorttitle = {Coherence Method},
    journal = {TC: A Journal of Biblical Textual Criticism},
    shortjournal = {TC},
    volume = {20},
    year = {2015}
}
@article{
    Carlson15,
    author = {Stephen C. Carlson},
    title = {Comments on the Coherence-Based Genealogical Method},
    journal = {TC: A Journal of Biblical Textual Criticism},
    shortjournal = {TC},
    volume = {20},
    year = {2015}
}
@phdthesis{
    Edmondson19,
    author = {Andrew Charles Edmondson},
    title = {An Analysis of the Coherence-Based Genealogical Method Using Phylogenetics},
    shorttitle = {Analysis of the Coherence-Based Genealogical Method},
    institution = {University of Birmingham},
    year = {2019}
}
@article{
    Carlson20,
    author = {Stephen C. Carlson},
    title = {A Bias at the Heart of the Coherence-Based Genealogical Method (CBGM)},
    shorttitle = {Bias},
    journal = {Journal of Biblical Literature},
    shortjournal = {JBL},
    volume = {139},
    number = {2},
    year = {2020},
    pages = {319--340}
}
@incollection{
    Karp72,
    author = {Richard M. Karp},
    title = {Reducibility Among Combinatorial Problems},
    shorttitle = {Reducibility},
    editor = {R. E. Miller and J. W. Thatcher and J. D. Bohlinger},
    booktitle = {Complexity of Computer Computations},
    location = {New York, NY},
    publisher = {Plenum Press},
    year = {1972},
    pages = {85--103}
}